@ARTICLE{Nobody06,
	author = {Nobody},
	title = {Titulo em branco},
	year = {2006}
}

@article{nick2006,
  title={Motivations for play in online games},
  author={Yee, Nick},
  journal={CyberPsychology \& behavior},
  volume={9},
  number={6},
  pages={772--775},
  year={2006},
  publisher={Mary Ann Liebert, Inc. 2 Madison Avenue Larchmont, NY 10538 USA}
}

@article{edward1997,
	author = {Edward Dieterle and Jody Clarke},
	title = {Multi-User Virtual Environments for Teaching and Learning},
	year = {1997}
}

@article{park2012,
	author = {Cheol Park and Jae Hak Lee},
	title = {Factors influencing the accessibility of online social game},
	year = {2012}
}

@article{yamakani2011,
	author={Toshihiko Yamakami},
	title = {A 3-stage Transition Model of the Architecture of Mobile Social Games: Lessons from Mobile Social Games in Japan},
	year = {2011}
}

@book{king2003,
	author = {Brad King and John Borland},
	title = {Dungeons and Dreamers: The Rise of Computer Game Culture from Geek to Chic},
	year = {2003},
	publisher = {McGraw-Hill Osborne Media},
	volume = 1
}

@inproceedings{bergenti2013,
  title={An Overview of the AMUSE Social Gaming Platform.},
  author={Bergenti, Federico and Caire, Giovanni and Gotta, Danilo},
  booktitle={WOA AI IA},
  pages={85--90},
  year={2013}
}

@inproceedings{bergenti2014,
  title={Agents on the move: JADE for Android devices},
  author={Bergenti, Federico and Caire, Giovanni and Gotta, Danilo},
  booktitle={Procs. Workshop From Objects to Agents},
  year={2014}
}

@inproceedings{bergenti2015,
  title={A scalable platform for mobile social gaming},
  author={Bergenti, Federico and Caire, Giovanni and Gotta, Danilo},
  booktitle={Proceedings of the 30th Annual ACM Symposium on Applied Computing},
  pages={2239--2244},
  year={2015},
  organization={ACM}
}

@misc{amuse,
	title = {Agent-based Multi-User Social Environment},
	howpublished = {\url{http://jade.tilab.com/amuseproject}},
	note = {Accessed: 2015-10-09},
	author = {Telecom Italia SpA},
	year = {2015}
}

@misc{amuseStartupGuide,
	title = {AMUSE START-UP GUIDE},
	howpublished = {\url{http://jade.tilab.com/amuse/doc/Amuse-Startup-Guide.doc}},
	note = {Accessed: 2015-10-09},
	author = {Giovanni Caire},
	year = {2015}
}

@misc{jade,
	title = {JAVA Agent DEvelopment Framework},
	author = {Telecom Italia and University of Parma},
	howpublished = {\url{http://jade.tilab.com/}},
	note = {Accessed: 2015-20-10},
	year = {2014}
}

@misc{jadeArchitechture,
	title = {JADE Architecture Overview},
	author = {Telecom Italia and University of Parma},
	howpublished = {\url{http://jade.tilab.com/documentation/tutorials-guides/jade-administration-tutorial/architecture-overview/}},
	note = {Accessed: 2015-20-10},
	year = {2015}
}

@misc{clashOfClans,
	title = {Freemium mobile MMO strategy video game},
	howpublished = {\url{http://clashofclans.com}},
	author = {Supercell},
	note = {Accessed: 2015-05-10},
	year = {2015}
}


@misc{candyCrush,
	title = {Match-three puzzle video game},
	howpublished = {\url{http://candycrushsaga.com}},
	author = {King},	
	note = {Accessed: 2015-05-10},
	year = {2015}
}

@book{wooldridge2009,
	author = {Michael Wooldridge},
	title = {An Introduction to MultiAgent Systems},
	year = {2009},
	publisher = {John Wiley \& Sons},
	volume = 2
}

@book{fabio2007,
	author = {Fabio Bellifemine and Giovanni Caire and Dominic Greenwood},
	title = {Developing Multi-Agent Systems with JADE},
	year = {2007},
	publisher = {John Wiley \& Sons},
	volume = 2
}

@article{bergentiHuhns2014,
	author = {Federico Bergenti and Michael N. Huhns},
	title = {On the Use of Agents as Components of Software Systems},
	year = {2014}
}

@misc{ricchetti2015,
	title = {What Makes Social Games Social?},
	author = {Matt Ricchetti},
	year = {2012},
	howpublished = {\url{http://www.gamasutra.com/view/feature/6735/what_makes_social_games_social.php?print=1}},
	note = {Accessed: 2010-12-10}
}

@article{cole2007,
	author = {HELENA COLE and  MARK D. GRIFFITHS},
	title = {Social Interactions in Massively Multiplayer Online Role-Playing Gamers},
	year = {2007}
}

@book{fields2014,
	author = {Tim Fields},
	title = {Mobile \& Social Game Design: Monetization Methods and Mechanics},
	year = {2014},
	publisher = {A K Peters/CRC Press},
	volume = 2
}

@article{jennings1998,
  title={A roadmap of agent research and development},
  author={Jennings, Nicholas R and Sycara, Katia and Wooldridge, Michael},
  journal={Autonomous agents and multi-agent systems},
  volume={1},
  number={1},
  pages={7--38},
  year={1998},
  publisher={Kluwer Academic Publishers}
}

@book{myers2011,
	author = {Glenford J. Myers and Tom Badgett and Corey Sandler},
	title = {The art of Software Testing},
	year = {2011},
	publisher = {John Wiley \& Sons},
	volume = 3
}

@article{luo2001,
  title={Software testing techniques},
  author={Luo, Lu},
  journal={Institute for software research international Carnegie mellon university Pittsburgh, PA},
  volume={15232},
  number={1-19},
  pages={19},
  year={2001}
}

@misc{junit2015,
	title = {JUnit},
	year = {2015},
	howpublished = {\url{http://junit.org}},
	note = {Accessed: 2015-12-10}
}

@misc{androidTesting2015,
	title = {Android Testing},
	year = {2015},
	author = {Google Android},
	howpublished = {\url{https://developer.android.com/tools/testing/testing_android.html}},
	note = {Accessed: 2015-12-10}
}

@misc{atom,
	title = {Atom},
	year = {2015},
	howpublished = {\url{https://atom.io}},
	note = {Accessed: 2015-12-10}
}

@misc{macos,
	title = {OSX},
	year = {2016},
	howpublished = {\url{http://www.apple.com/osx/}},
	note = {Accessed: 2017-27-03}
}

@misc{git,
	title = {Git},
	year = {2015},
	howpublished = {\url{https://git-scm.com}},
	note = {Accessed: 2015-12-10}
}

@misc{gitHub,
	title = {GitHub},
	year = {2015},
	howpublished = {\url{https://github.com}},
	note = {Accessed: 2015-12-10}
}

@misc{latex,
	title = {LATEX},
	year = {2015},
	howpublished = {\url{https://www.latex-project.org}},
	note = {Accessed: 2015-12-10}
}

@misc{eclipse,
	title = {Eclipse},
	year = {2015},
	howpublished = {\url{https://www.eclipse.org/org/}},
	note = {Accessed: 2015-12-10}
}

@misc{kotaku,
	title = {The People Who Still Play World of Warcraft Like It’s 2006},
	year = {2015},
	author = {Luke Winkie},
	howpublished = {\url{http://kotaku.com/the-people-who-still-play-world-of-warcraft-like-it-s-2-1704465372}},
	note = {Accessed: 2015-13-11}
}

@inproceedings{thurau2010,
  title={Analyzing the evolution of social groups in world of warcraft{\textregistered}},
  author={Thurau, Christian and Bauckhage, Christian},
  booktitle={Computational Intelligence and Games (CIG), 2010 IEEE Symposium on},
  pages={170--177},
  year={2010},
  organization={IEEE}
}

@misc{omer2015,
	title = {Top 10 Most Profitable MMOs and MMORPGs},
	year = {2015},
	author = {Omer Altay},
	howpublished = {\url{http://mmos.com/editorials/most-profitable-mmos-mmorpgs}},
	note = {Accessed: 2015-13-11}
}

@inproceedings{nardi2006,
  title={Strangers and friends: Collaborative play in World of Warcraft},
  author={Nardi, Bonnie and Harris, Justin},
  booktitle={Proceedings of the 2006 20th anniversary conference on Computer supported cooperative work},
  pages={149--158},
  year={2006},
  organization={ACM}
}

@misc{tibiaME,
	title = {TibiaME},
	year = {2015},
	author = {CipSoft},
	howpublished = {\url{https://www.cipsoft.com/index.php/en/products/tibiame}},
	note = {Accessed: 2015-13-11}
}

@misc{tibiaMEhistory,
	title = {TibiaME History},
	year = {2015},
	author = {CipSoft},
	howpublished = {\url{http://www.tibiame.com/?section=screenshots&lan=en&markup=xhtml&phonetype=classic}},
	note = {Accessed: 2015-13-11}
}

@misc{gmgc,
	title = {Global Mobile Game Industry White Book},
	year = {2015},
	author = {Global Mobile Game Confederation and Newzoo and TalkingData},
	howpublished = {\url{http://2015.gmgc.info/ENG_GMGC_Newzoo_Global_Mobile_Games_Market_Whitepaper_Final.pdf}},
	note = {Accessed: 2015-15-11}
}

@misc{idc,
	title = {Smartphone OS Market Share, 2015 Q2},
	year = {2015},
	author = {International Data Corporation},
	howpublished = {\url{http://www.idc.com/prodserv/smartphone-os-market-share.jsp}},
	note = {Accessed: 2015-15-11}
}

@misc{appAnnie,
	title = {App Annie Index: Market Q1 2015},
	year = {2015},
	author = {App Annie},
	howpublished = {\url{http://blog.appannie.com/app-annie-index-market-q1-2015/}},
	note = {Accessed: 2015-15-11}
}

@misc{dashboardGoogle,
	title = {Dashboards},
	year = {2015},
	author = {Google Android},
	howpublished = {\url{http://developer.android.com/about/dashboards/index.html}},
	note = {Accessed: 2015-15-11}
}

@inproceedings{wade2009,
  title={WADE: an open source platform for workflows and agents},
  author={Caire, Giovanni and Quarantotto, Elena and Sacchi, Giovanna},
  booktitle={MALLOW},
  year={2009}
}

@misc{wade,
	title = {Workflows and Agents Development Environment},
	author = {Telecom Italia and University of Parma},
	howpublished = {\url{http://jade.tilab.com/wadeproject/}},
	note = {Accessed: 2015-17-11},
	year = {2015}
}

@misc{wadeUserGuide,
	title = {WADE USER GUIDE},
	author = {Giovanni Caire},
	howpublished = {\url{http://jade.tilab.com/wade/doc/WADE-User-Guide.pdf}},
	note = {Accessed: 2015-17-11},
	year = {2013}
}

@article{gil2002,
  title={Como elaborar projetos de pesquisa},
  author={Gil, Antônio Carlos},
  journal={São Paulo},
  volume={5},
  pages={61},
  year={2002}
}

@book{theodorson1970,
  title={A modern dictionary of sociology},
  author={Theodorson, George A and Theodorson, Achilles G},
  year={1970},
  publisher={Methuen London}
}

@article{fonseca2002,
  title={Metodologia da pesquisa científica},
  author={Fonseca, João José Saraiva da},
  journal={Fortaleza: UEC},
  pages={65--75},
  year={2002}
}

@book{rocha2001,
  title={Qualidade de Software - Teorica e Prática},
  author={ROCHA, A.R.C. da and MALDONADO, J.C. and WEBER, K.C.},
  publisher={Prentice Hall},
  year={2001}
}

@article{meirelles2013,
	author = {Paulo Meirelles},
	title = {Monitoramento de métricas de código Fonte em projetos de Software Livre},
	year = {2013},
	publisher={Instituto de Matemática e Estatística, Universidade de São Paulo}
}

@book{metrics,
  title={Software Metrics: A Rigorous and Practical Approach, Third Edition},
  author={Norman Fenton and James Bieman},
  publisher={Taylor \& Francis Group},
  year={2015}
}
